%% CONFIGURATION %%
@IEEEtranBSTCTL{BSTcontrol,
  CTLuse_forced_etal       = "yes",
  CTLmax_names_forced_etal = "3", 
  CTLnames_show_etal       = "1",
  CTLdash_repeated_names = "no"
}

%% BOOKS %%

@book{WCR,
    author = {Stewart, B.W. and Kleihues, P.},
    title = {World Cancer Report},
    year = {2003},
    publisher = {IARC Press}
}

@book {Radio,
	author = {Kim, Catherine S. and Jeter, Melenda D.},
	title = {Radiation Therapy, Early Stage Non-Small Cell Lung Cancer},
	year = {2019},
    publisher = {StatPearls Publishing, Treasure Island (FL)}
}

@incollection{LCC,
    author = {Kenneth E. Rosenzweig and Chein Peter Chen and Sue S. Yom and Lee M. Krug},
    title = {35 - Tumors of the Lung, Pleura, and Mediastinum},
    booktitle = {Leibel and Phillips Textbook of Radiation Oncology (Third Edition)},
    year = {2010},
    publisher = {W.B. Saunders},
    doi = {10.1016/B978-1-4160-5897-7.00036-6},
    note = {doi: \href{https://doi.org/10.1016/B978-1-4160-5897-7.00036-6}{10.1016/B978-1-4160-5897-7.00036-6}}
}

%% ARTICLES %%

@article{Globocan,
    author = {Bray F. and Ferlay J. and Soerjomataram I. and Siegel R.L. and Torre L.A. and Jemal A.},
    title = {Global cancer statistics 2018: GLOBOCAN estimates of incidence and mortality worldwide for 36 cancers in 185 countries},
    journal = {CA: A Cancer Journal for Clinicians},
    year = {2018},
    doi = {10.3322/caac.21492},
    note = {doi: \href{https://doi.org/10.3322/caac.21492}{10.3322/caac.21492}}
}

@article{Stages,
    author = {Siddiqui, Imtiaz and Sanna, Vanna and Ahmad, Nihal and Sechi, Mario and Mukhtar, Hasan},
    year = {2015},
    title = {Resveratrol nanoformulation for cancer prevention and therapy},
    journal = {Annals of the New York Academy of Sciences},
    doi = {10.1111/nyas.12811},
    note = {doi: \href{https://doi.org/10.1111/nyas.12811}{10.1111/nyas.12811}}
}

@article {Metastasis,
	author = {Chaffer, Christine L. and Weinberg, Robert A.},
	title = {A Perspective on Cancer Cell Metastasis},
    journal = {Science},
	year = {2011},
	doi = {10.1126/science.1203543},
	note = {doi: \href{https://doi.org/10.1126/science.1203543}{10.1126/science.1203543}}
}

@article{Hallmarks,
    author = {Hanahan, Douglas and Weinberg, Robert},
    title = {Hallmarks of Cancer: The Next Generation},
    journal = {Cell},
    year = {2011},
    doi = {10.1016/j.cell.2011.02.013},
    note = {doi: \href{https://doi.org/10.1016/j.cell.2011.02.013}{10.1016/j.cell.2011.02.013}}
}

@article {Walters,
    author = {Walters, Sarah and Maringe, Camille and Coleman, Michel P and Peake, Michael D and Butler, John and Young, Nicholas and Bergstr{\"o}m, Stefan and Hanna, Louise and Jakobsen, Erik and K{\"o}lbeck, Karl and Sundstr{\o}m, Stein and Engholm, Gerda and Gavin, Anna and Gjerstorff, Marianne L and Hatcher, Juanita and Johannesen, Tom B{\o}rge and Linklater, Karen M and McGahan, Colleen E and Steward, John and Tracey, Elizabeth and Turner, Donna and Richards, Michael A and Rachet, Bernard},
	title = {Lung cancer survival and stage at diagnosis in Australia, Canada, Denmark, Norway, Sweden and the UK: a population-based study, 2004{\textendash}2007},
    journal = {Thorax},
	year = {2013},
	doi = {10.1136/thoraxjnl-2012-202297},
	note = {doi: \href{https://doi.org/10.1136/thoraxjnl-2012-202297}{10.1136/thoraxjnl-2012-202297}}
}

@article{Tobacco,
    author = {Proctor, Robert N.},
    title = {Tobacco and the global lung cancer epidemic},
    journal = {Nature Reviews Cancer},
    year = {2001},
    doi = {10.1038/35094091},
    note = {doi: \href{https://doi.org/10.1038/35094091}{10.1038/35094091}}
}

@article{Smoking,
    author = {Walser, Tonya and Cui, Xiaoyan and Yanagawa, Jane and Lee, Jay M. and Heinrich, Eileen and Lee, Gina and Sharma, Sherven and Dubinett, Steven M.},
    title = {Smoking and Lung Cancer},
    journal = {Proceedings of the American Thoracic Society},
    year = {2008},
    doi = {10.1513/pats.200809-100TH},
    note = {doi: \href{https://doi.org/10.1513/pats.200809-100TH}{10.1513/pats.200809-100TH}}
}

@article{SCLC,
    author = {Kalemkerian, Gregory P. and Akerley, Wallace and Bogner, Paul and Borghaei, Hossein and Chow, Laura Qm and Downey, Robert J. and Gandhi, Leena and Ganti, Apar Kishor P. and Govindan, Ramaswamy and Grecula, John C. and Hayman, James and Heist, Rebecca Suk and Horn, Leora and Jahan, Thierry and Koczywas, Marianna and Loo, Billy W. Jr and Merritt, Robert E. and Moran, Cesar A. and Niell, Harvey B. and O'Malley, Janis and Patel, Jyoti D. and Ready, Neal and Rudin, Charles M. and Williams, Charles C. Jr and Gregory, Kristina and Hughes, Miranda},
    title = {Small cell lung cancer},
    journal = {Journal of the National Comprehensive Cancer Network : JNCCN},
    year = {2013},
    doi = {10.6004/jnccn.2013.0011},
    note = {doi: \href{https://doi.org/10.6004/jnccn.2013.0011}{10.6004/jnccn.2013.0011}}
}

@article{WHO,
    author = {Travis, William D. and Brambilla, Elisabeth and Nicholson, Andrew G. and Yatabe, Yasushi and Austin, John H. M. and Beasley, Mary Beth and Chirieac, Lucian R. and Dacic, Sanja and Duhig, Edwina and Flieder, Douglas B. and Geisinger, Kim and Hirsch, Fred R. and Ishikawa, Yuichi and Kerr, Keith M. and Noguchi, Masayuki and Pelosi, Giuseppe and Powell, Charles A. and Tsao, Ming Sound and Wistuba, Ignacio},
    title = {The 2015 World Health Organization Classification of Lung Tumors: Impact of Genetic, Clinical and Radiologic Advances Since the 2004 Classification},
    journal = {Journal of Thoracic Oncology},
    year = {2015},
    doi = {10.1097/JTO.0000000000000630},
    note = {doi: \href{https://doi.org/10.1097/JTO.0000000000000630}{10.1097/JTO.0000000000000630}}
}

@article{SCLC_cell_orig,
    author = {Calb√≥, J and Meuwissen, Ralph and Montfort, E and Tellingen, Olaf and Berns, A},
    title = {Genotype-Phenotype Relationships in a Mouse Model for Human Small-Cell Lung Cancer},
    journal = {Cold Spring Harbor symposia on quantitative biology},
    year = {2005},
    doi = {10.1101/sqb.2005.70.026},
    note = {doi: \href{https://doi.org/10.1101/sqb.2005.70.026}{10.1101/sqb.2005.70.026}}
}

@article{NSCLC,
    author = {Zappa, Cecilia and Mousa, Shaker A.},
    title = {Non-small cell lung cancer: current treatment and future advances},
    journal = {Translational lung cancer research},
    year = {2016},
    doi = {10.21037/tlcr.2016.06.07},
    note = {doi: \href{https://doi.org/10.21037/tlcr.2016.06.07}{10.21037/tlcr.2016.06.07}}
}

@article{NSCLC_metastases,
   Author = {Quint, L. E.  and Tummala, S.  and Brisson, L. J.  and Francis, I. R.  and Krupnick, A. S.  and Kazerooni, E. A.  and Iannettoni, M. D.  and Whyte, R. I.  and Orringer, M. B.},
   Title = {Distribution of distant metastases from newly diagnosed non-small cell lung cancer},
   journal = {The Annals of Thoracic Surgery},
   year = {1996},
   doi = {10.1016/0003-4975(96)00220-2},
   note = {doi: \href{https://doi.org/10.1016/0003-4975(96)00220-2}{10.1016/0003-4975(96)00220-2}}
}

@article{AD_survival,
    author = {Zheng Zhu and Zhigang Liang and Jichun Tong and Xiaoliang Mao and Yajun Yin and Lydia C. Manor and Zhenya Shen},
    title = {Survival analysis in Caucasian pulmonary adenocarcinoma patients based on differential targets between Caucasian and Asian population},
    journal = {Saudi Journal of Biological Sciences},
    year = {2018},
    doi = {10.1016/j.sjbs.2018.05.023},
    note = {doi: \href{https://doi.org/10.1016/j.sjbs.2018.05.023}{10.1016/j.sjbs.2018.05.023}}
}

@article{AD_savini,
    author = {Rossana Berardi and Paola Mazzanti and Miriam Caramanti and Matteo Santoni and Mariagrazia De Lisa and Francesca Morgese and Silvia Rinaldi and Mariangela Torniai and Ilaria Fiordoliva and Azzurra Onofri and Stefano Cascinu and Agnese Savini},
    title = {Squamous cell carcinoma of the lung: clinical criteria for treatment strategy},
    journal = {Journal of Cancer Metastasis and Treatment},
    year = {2015},
    doi = {10.4103/2394-4722.157974},
    note = {doi: \href{https://doi.org/10.4103/2394-4722.157974}{10.4103/2394-4722.157974}}
}

@article{LCC_bio,
    author = {Daniel C. Ihde and John D. Minna},
    title = {Non-small cell lung cancer part: I Biology,  diagnosis,  and staging},
    journal = {Current Problems in Cancer},
    year = {1991},
    doi = {10.1016/0147-0272(91)90014-2},
    note = {doi: \href{https://doi.org/10.1016/0147-0272(91)90014-2}{10.1016/0147-0272(91)90014-2}}
}

@article {LCC_smoking,
	author = {Muscat, J E and Stellman, S D and Zhang, Z F and Neugut, A I and Wynder, E L},
	title = {Cigarette smoking and large cell carcinoma of the lung},
	journal = {Cancer Epidemiology and Prevention Biomarkers},
    year = {1997},
}

@article{TNM,
    author = {Hassan Lemjabbar-Alaoui and Omer UI Hassan and Yi-Wei Yang and Petra Buchanan},
    title = {Lung cancer: Biology and treatment options},
    journal = {Biochimica et Biophysica Acta ({BBA}) - Reviews on Cancer},
    year = {2015},
    doi = {10.1016/j.bbcan.2015.08.002},
    note = {doi: \href{https://doi.org/10.1016/j.bbcan.2015.08.002}{10.1016/j.bbcan.2015.08.002}}
}

@article{TNM_8th,
    author = {Wanyin Lim and Carole A. Ridge and Andrew G. Nicholson and Saeed Mirsadraee},
    title = {The 8th lung cancer {TNM} classification and clinical staging system: review of the changes and clinical implications},
    journal = {Quantitative Imaging in Medicine and Surgery},
    year = {2018},
    doi = {10.21037/qims.2018.08.02},
    note = {doi: \href{https://doi.org/10.21037/qims.2018.08.02}{10.21037/qims.2018.08.02}}
}

@article{TNM_proposal,
    author = {Peter Goldstraw and others},
    title = {The {IASLC} Lung Cancer Staging Project: Proposals for~Revision of the {TNM} Stage Groupings in the Forthcoming (Eighth) Edition of the {TNM} Classification for Lung Cancer},
    journal = {Journal of Thoracic Oncology},
    year = {2016},
    doi = {10.1016/j.jtho.2015.09.009},
    note = {doi: \href{https://doi.org/10.1016/j.jtho.2015.09.009}{10.1016/j.jtho.2015.09.009}}
}

@article{Mol_bio,
    author = {Olivier Calvayrac and Anne Pradines and Elvire Pons and Julien Mazi{\`{e}}res and Nicolas Guibert},
    title = {Molecular biomarkers for lung adenocarcinoma},
    journal = {European Respiratory Journal},
    year = {2017},
    doi = {10.1183/13993003.01734-2016},
    note = {doi: \href{https://doi.org/10.1183/13993003.01734-2016}{10.1183/13993003.01734-2016}}
}

@article{Gene_express,
    author = {Thomas Santarius and Janet Shipley and Daniel Brewer and Michael R. Stratton and Colin S. Cooper},
    title = {A census of amplified and overexpressed human cancer genes},
    journal = {Nature Reviews Cancer},
    year = {2010},
    doi = {10.1038/nrc2771},
    note = {doi: \href{https://doi.org/10.1038/nrc2771}{10.1038/nrc2771}}
}

@article{Mol_markers,
    author = {David Sidransky},
    title = {Emerging molecular markers of cancer},
    journal = {Nature Reviews Cancer},
    year = {2002},
    doi = {10.1038/nrc755},
    note = {doi: \href{https://doi.org/10.1038/nrc755}{10.1038/nrc755}}
}

@article{Inhibitors,
    author = {Anish Thomas and Arun Rajan and Giuseppe Giaccone},
    title = {Tyrosine Kinase Inhibitors in Lung Cancer},
    journal = {Hematology/Oncology Clinics of North America},
    year = {2012},
    doi = {10.1016/j.hoc.2012.02.001},
    note = {doi: \href{https://doi.org/10.1016/j.hoc.2012.02.001}{10.1016/j.hoc.2012.02.001}}
}

@article{NSCLC_drivers,
	author = {Kastelijn, Elisabeth A and de Langen, Adrianus J and Peters, Bas J M},
    title = {Treatment of oncogene-driven non-small cell lung cancer},
	journal = {Current opinion in pulmonary medicine},
    year = {2019},
    doi = {10.1097/mcp.0000000000000572},
    note = {doi: \href{https://doi.org/10.1097/mcp.0000000000000572}{10.1097/mcp.0000000000000572}}
}

@article{NSCLC_alterations,
    author = {Ferdinandos Skoulidis and John V. Heymach},
    title = {Co-occurring genomic alterations in~non-small-cell lung cancer biology and therapy},
    journal = {Nature Reviews Cancer},
    year = {2019},
    doi = {10.1038/s41568-019-0179-8},
    note = {doi: \href{https://doi.org/10.1038/s41568-019-0179-8}{10.1038/s41568-019-0179-8}}
}

@article{Biomarkers_world,
    author = {Olivier Calvayrac and Anne Pradines and Elvire Pons and Julien   Mazi{\`{e}}res and Nicolas Guibert},
    title = {Molecular biomarkers for lung adenocarcinoma},
    journal = {European Respiratory Journal},
    year = {2017},
    doi = {10.1183/13993003.01734-2016},
    note = {doi: \href{https://doi.org/10.1183/13993003.01734-2016}{10.1183/13993003.01734-2016}}
}

@article{NSCLC_profiling,
    author = {Fabrice Barlesi and Julien Mazieres and Jean-Philippe Merlio and Didier Debieuvre and Jean Mosser and Herv{\'{e}} Lena and L{\textquotesingle}Houcine Ouafik and Benjamin Besse and Isabelle Rouquette and Virginie Westeel and Fabienne Escande and Isabelle Monnet and Antoinette Lemoine and R{\'{e}}mi Veillon and H{\'{e}}l{\`{e}}ne Blons and Clarisse Audigier-Valette and Pierre-Paul Bringuier and R{\'{e}}gine Lamy and Mich{\`{e}}le Beau-Faller and Jean-Louis Pujol and Jean-Christophe Sabourin and Fr{\'{e}}d{\'{e}}rique Penault-Llorca and Marc G Denis and Sylvie Lantuejoul and Franck Morin and Qu{\^{a}}n Tran and Pascale Missy and Alexandra Langlais and Bernard Milleron and Jacques Cadranel and Jean-Charles Soria and G{\'{e}}rard Zalcman},
    title = {Routine molecular profiling of patients with advanced non-small-cell lung cancer: results of a 1-year nationwide programme of the French Cooperative Thoracic Intergroup ({IFCT})},
    journal = {The Lancet},
    year = {2016},
    doi = {10.1016/s0140-6736(16)00004-0},
    note = {doi: \href{https://doi.org/10.1016/s0140-6736(16)00004-0}{10.1016/s0140-6736(16)00004-0}}
}

@article{Mol_guideline_1,
    author = {Neal I. Lindeman and Philip T. Cagle and Dara L. Aisner and Maria E. Arcila and Mary Beth Beasley and Eric H. Bernicker and Carol Colasacco and Sanja Dacic and Fred R. Hirsch and Keith Kerr and David J. Kwiatkowski and Marc Ladanyi and Jan A. Nowak and Lynette Sholl and Robyn Temple-Smolkin and Benjamin Solomon and Lesley H. Souter and Erik Thunnissen and Ming S. Tsao and Christina B. Ventura and Murry W. Wynes and Yasushi Yatabe},
    title = {Updated Molecular Testing Guideline for the Selection of Lung Cancer Patients for Treatment With Targeted Tyrosine Kinase Inhibitors},
    journal = {The Journal of Molecular Diagnostics},
    year = {2018},
    doi = {10.1016/j.jmoldx.2017.11.004},
    note = {doi: \href{https://doi.org/10.1016/j.jmoldx.2017.11.004}{10.1016/j.jmoldx.2017.11.004}}
}

@article{Mol_guideline_2,
    author = {Natasha B. Leighl and Natasha Rekhtman and William A. Biermann and James Huang and Mari Mino-Kenudson and Suresh S. Ramalingam and Howard West and Sara Whitlock and Mark R. Somerfield},
    title = {Molecular Testing for Selection of Patients With Lung Cancer for Epidermal Growth Factor Receptor and Anaplastic Lymphoma Kinase Tyrosine Kinase Inhibitors: American Society of Clinical Oncology Endorsement of the College of American Pathologists/International Association for the Study of Lung Cancer/Association for Molecular Pathology Guideline},
    journal = {Journal of Clinical Oncology},
    year = {2014},
    doi = {10.1200/jco.2014.57.3055},
    note = {doi: \href{https://doi.org/10.1200/jco.2014.57.3055}{10.1200/jco.2014.57.3055}}
}

@article{KRAS,
    author = {Pasi A J\"{a}nne and Alice T Shaw and Jos{\'{e}} Rodrigues Pereira and Ga√´lle Jeannin and Johan Vansteenkiste and Carlos Barrios and Fabio Andre Franke and Lynda Grinsted and Victoria Zazulina and Paul Smith and Ian Smith and Lucio Crin{\`{o}}},
    title = {Selumetinib plus docetaxel for {KRAS}-mutant advanced non-small-cell lung cancer: a randomised,  multicentre,  placebo-controlled,  phase 2 study},
    journal = {The Lancet Oncology},
    year = {2013},
    doi = {10.1016/s1470-2045(12)70489-8},
    note = {doi: \href{https://doi.org/10.1016/s1470-2045(12)70489-8}{10.1016/s1470-2045(12)70489-8}}
}

@article{AD_drivers,
    author = {Lynette M. Sholl and Dara L. Aisner and Marileila Varella-Garcia and Lynne D. Berry and Dora Dias-Santagata and Ignacio I. Wistuba and Heidi Chen and Junya Fujimoto and Kelly Kugler and Wilbur A. Franklin and A. John Iafrate and Marc Ladanyi and Mark G. Kris and Bruce E. Johnson and Paul A. Bunn and John D. Minna and David J. Kwiatkowski},
    title = {Multi-institutional Oncogenic Driver Mutation Analysis in Lung Adenocarcinoma: The Lung Cancer Mutation Consortium Experience},
    journal = {Journal of Thoracic Oncology},
    year = {2015},
    doi = {10.1097/jto.0000000000000516},
    note = {doi: \href{https://doi.org/10.1097/jto.0000000000000516}{10.1097/jto.0000000000000516}}
}

@article{AD_asian,
    author = {Jie-Liu and Xing-Ya Li and Yan-Qiu Zhao and Rui-Qing Liu and Jian-Bo Zhang and Jie Ma and Li-Juan Chen and Xiu-Feng Hu},
    title = {Genotype{\textendash}phenotype correlation in Chinese patients with pulmonary mixed type adenocarcinoma: Relationship between histologic subtypes,  {TITF}-1/{SP}-A expressions and {EGFR} mutations},
    journal = {Pathology - Research and Practice},
    year = {2014},
    doi = {10.1016/j.prp.2013.11.013},
    note = {doi: \href{https://doi.org/10.1016/j.prp.2013.11.013}{10.1016/j.prp.2013.11.013}}
}

@article{EGFR,
    author = {Sreenath V. Sharma and Daphne W. Bell and Jeffrey Settleman and Daniel A. Haber},
    title = {Epidermal growth factor receptor mutations in lung cancer},
    journal = {Nature Reviews Cancer},
    year = {2007},
    doi = {10.1038/nrc2088},
    note = {doi: \href{https://doi.org/10.1038/nrc2088}{10.1038/nrc2088}}
}

@article{ALK_identification,
    author = {Manabu Soda and Young Lim Choi and Munehiro Enomoto and Shuji Takada and Yoshihiro Yamashita and Shunpei Ishikawa and Shin-ichiro Fujiwara and Hideki Watanabe and Kentaro Kurashina and Hisashi Hatanaka and Masashi Bando and Shoji Ohno and Yuichi Ishikawa and Hiroyuki Aburatani and Toshiro Niki and Yasunori Sohara and Yukihiko Sugiyama and Hiroyuki Mano},
    title = {Identification of the transforming {EML}4{\textendash}{ALK} fusion gene in non-small-cell lung cancer},
    journal = {Nature},
    year = {2007},
    doi = {10.1038/nature05945},
    note = {doi: \href{https://doi.org/10.1038/nature05945}{10.1038/nature05945}}
}

@article{ALK_fusions,
    author = {Stephen P. Ducray and Karthikraj Natarajan and Gavin D. Garland and Suzanne D. Turner and Gerda Egger},
    title = {The Transcriptional Roles of {ALK} Fusion Proteins in Tumorigenesis},
    journal = {Cancers},
    year = {2019},
    doi = {10.3390/cancers11081074},
    note = {doi: \href{https://doi.org/10.3390/cancers11081074}{10.3390/cancers11081074}}
}

@article{EML4_ALK,
    author = {Sabir, Sarah R. and Yeoh, Sharon and Jackson, George and Bayliss, Richard},
    title = {{EML}4-{ALK} Variants: Biological and Molecular Properties,  and the Implications for Patients},
    journal = {Cancers},
    year = {2017},
    doi = {10.3390/cancers9090118},
    note = {doi: \href{https://doi.org/10.3390/cancers9090118}{10.3390/cancers9090118}}
}

@article{EML4_ALK_variants,
    author = {Malini Patel and Jyoti Malhotra and Salma K. Jabbour},
    title = {Examining {EML}4-{ALK} variants in the clinical setting: the next frontier?},
    journal = {Journal of Thoracic Disease},
    year = {2018},
    doi = {10.21037/jtd.2018.11.07},
    note = {doi: \href{https://doi.org/10.21037/jtd.2018.11.07}{10.21037/jtd.2018.11.07}}
}

@article{NSCLC_therapies,
    author = {Fred R Hirsch and Giorgio V Scagliotti and James L Mulshine and Regina Kwon and Walter J Curran and Yi-Long Wu and Luis Paz-Ares},
    title = {Lung cancer: current therapies and new targeted treatments},
    journal = {The Lancet},
    year = {2017},
    doi = {10.1016/s0140-6736(16)30958-8},
    note = {doi: \href{https://doi.org/10.1016/s0140-6736(16)30958-8}{10.1016/s0140-6736(16)30958-8}}
}

@article{VATS,
    author = {Duilio Divisi and   and Luca Bertolaccini and Mirko Barone and Dario Amore and Desideria Argnani and Gino Zaccagna and Piergiorgio Solli and Gaetano Di Rienzo and Carlo Curcio and Roberto Crisci},
    title = {National adoption of video-assisted thoracoscopic surgery ({VATS}) lobectomy: the Italian {VATS} register evaluation},
    journal = {Journal of Thoracic Disease},
    year = {2018},
    doi = {10.21037/jtd.2017.11.133},
    note = {doi: \href{https://doi.org/10.21037/jtd.2017.11.133}{10.21037/jtd.2017.11.133}}
}

@article{Adjuvant,
    author = {Mark G. Kris and Laurie E. Gaspar and Jamie E. Chaft and Erin B. Kennedy and Christopher G. Azzoli and Peter M. Ellis and Steven H. Lin and Harvey I. Pass and Rahul Seth and Frances A. Shepherd and David R. Spigel and John R. Strawn and Yee C. Ung and Michael Weyant},
    title = {Adjuvant Systemic Therapy and Adjuvant Radiation Therapy for Stage I to {IIIA} Completely Resected Non{\textendash}Small-Cell Lung Cancers: American Society of Clinical Oncology/Cancer Care Ontario Clinical Practice Guideline Update},
    journal = {Journal of Clinical Oncology},
    year = {2017},
    doi = {10.1200/jco.2017.72.4401},
    note = {doi: \href{https://doi.org/10.1200/jco.2017.72.4401}{10.1200/jco.2017.72.4401}}
}

@article{EGFR_mutations,
    author = {Gilda da Cunha Santos and Frances A. Shepherd and Ming Sound Tsao},
    title = {{EGFR} Mutations and Lung Cancer},
    journal = {Annual Review of Pathology: Mechanisms of Disease},
    year = {2011},
    doi = {10.1146/annurev-pathol-011110-130206},
    note = {doi: \href{https://doi.org/10.1146/annurev-pathol-011110-130206}{10.1146/annurev-pathol-011110-130206}}
}

@article{Immuno,
    author = {Dwight Owen and Jamie E. Chaft},
    title = {Immunotherapy in surgically resectable non-small cell lung cancer},
    journal = {Journal of Thoracic Disease},
    year = {2018},
    doi = {10.21037/jtd.2017.12.93},
    note = {doi: \href{https://doi.org/10.21037/jtd.2017.12.93}{10.21037/jtd.2017.12.93}}
}

@article{Targeted_drugs,
    author = {Mark G. Kris and Bruce E. Johnson and Lynne D. Berry and David J. Kwiatkowski and A. John Iafrate and Ignacio I. Wistuba and Marileila Varella-Garcia and Wilbur A. Franklin and Samuel L. Aronson and Pei-Fang Su and Yu Shyr and D. Ross Camidge and Lecia V. Sequist and Bonnie S. Glisson and Fadlo R. Khuri and Edward B. Garon and William Pao and Charles Rudin and Joan Schiller and Eric B. Haura and Mark Socinski and Keisuke Shirai and Heidi Chen and Giuseppe Giaccone and Marc Ladanyi and Kelly Kugler and John D. Minna and Paul A. Bunn},
    title = {Using Multiplexed Assays of Oncogenic Drivers in Lung Cancers to Select Targeted Drugs},
    journal = {{JAMA}},
    year = {2014},
    doi = {10.1001/jama.2014.3741},
    note = {doi: \href{https://doi.org/10.1001/jama.2014.3741}{10.1001/jama.2014.3741}}
}

@article{Mol_profiling,
    author = {Collisson, Eric A. and Campbell, Joshua D. and Brooks, Angela N. and others},
    title = {Comprehensive molecular profiling of lung adenocarcinoma},
    journal = {Nature},
    year = {2014},
    doi = {10.1038/nature13385},
    note = {doi: \href{https://doi.org/10.1038/nature13385}{10.1038/nature13385}}
}

@article{TKI_resistance,
    author = {D. Ross Camidge and William Pao and Lecia V. Sequist},
    title = {Acquired resistance to {TKIs} in solid tumours: learning from lung cancer},
    journal = {Nature Reviews Clinical Oncology},
    year = {2014},
    doi = {10.1038/nrclinonc.2014.104},
    note = {doi: \href{https://doi.org/10.1038/nrclinonc.2014.104}{10.1038/nrclinonc.2014.104}}
}

@article{MET,
    author = {Jrhau Lung and Ming-Szu Hung and Yu-Ching Lin and Kam-Fai Lee and Yuan Yuan Jiang and Shao-Lan Huang and Yu-Hung Fang and Ming-Shian Lu and Chin-Kuo Lin and Tsung-Ming Yang and Paul Yann Lin and Meng-Jer Hsieh and Ying Huang Tsai},
    title = {{MET} exon 14 skipping mutations and gene amplification in a Taiwanese lung cancer population},
    journal = {{PLOS} {ONE}},
    year = {2019},
    doi = {10.1371/journal.pone.0220670},
    note = {doi: \href{https://doi.org/10.1371/journal.pone.0220670}{10.1371/journal.pone.0220670}}
}

@article{HER2,
    author = {Claire M Connell and Gary J Doherty},
    title = {Activating {HER}2 mutations as emerging targets in multiple solid cancers},
    journal = {{ESMO} Open},
    year = {2017},
    doi = {10.1136/esmoopen-2017-000279},
    note = {doi: \href{https://doi.org/10.1136/esmoopen-2017-000279}{10.1136/esmoopen-2017-000279}}
}

@article{BRAF,
    author = {Jean G Bustamante and Gregory A Otterson},
    title = {Agents to treat {BRAF}-mutant lung cancer},
    journal = {Drugs in Context},
    year = {2019},
    doi = {10.7573/dic.212566},
    note = {doi: \href{https://doi.org/10.7573/dic.212566}{10.7573/dic.212566}}
}

@article{ROS1,
    author = {Giulio Rossi and Genny Jocoll{\'{e}} and Antonia Conti and Marcello Tiseo and Federica Zito Marino and Giovanni Donati and Renato Franco and Francesca Bono and Francesca Barbisan and Francesco Facchinetti},
    title = {Detection of {ROS}1 rearrangement in non-small cell lung cancer: current and future perspectives},
    journal = {Lung Cancer: Targets and Therapy},
    year = {2017},
    doi = {10.2147/lctt.s120172},
    note = {doi: \href{https://doi.org/10.2147/lctt.s120172}{10.2147/lctt.s120172}}
}

@article{RET,
    author = {Giuseppe Bronte and Paola Ulivi and Alberto Verlicchi and Paola Cravero and Angelo Delmonte and Lucio Crin{\`{o}}},
    title = {Targeting {RET}-rearranged non-small-cell lung cancer: future prospects},
    journal = {Lung Cancer: Targets and Therapy},
    year = {2019},
    doi = {10.2147/lctt.s192830},
    note = {doi: \href{https://doi.org/10.2147/lctt.s192830}{10.2147/lctt.s192830}}
}

@article{KRAS_drugs,
    author = {Marta Rom{\'{a}}n and Iosune Baraibar and In{\'{e}}s L{\'{o}}pez and Ernest Nadal and Christian Rolfo and Silvestre Vicent and Ignacio Gil-Bazo},
    title = {{KRAS} oncogene in non-small cell lung cancer: clinical perspectives on the treatment of an old target},
    journal = {Molecular Cancer},
    year = {2018},
    doi = {10.1186/s12943-018-0789-x},
    note = {doi: \href{https://doi.org/10.1186/s12943-018-0789-x}{10.1186/s12943-018-0789-x}}
}

@article{Angiogenesis,
    author = {L. Crino and G. Metro},
    title = {Therapeutic options targeting angiogenesis in nonsmall cell lung cancer},
    journal = {European Respiratory Review},
    year = {2014},
    doi = {10.1183/09059180.00008913},
    note = {doi: \href{https://doi.org/10.1183/09059180.00008913}{10.1183/09059180.00008913}}
}

@article{EML4_ALK_biology,
    author = {Takaaki Sasaki and Scott J. Rodig and Lucian R. Chirieac and Pasi A. J\"{a}nne},
    title = {The biology and treatment of {EML}4-{ALK} non-small cell lung cancer},
    journal = {European Journal of Cancer},
    year = {2010},
    doi = {10.1016/j.ejca.2010.04.002},
    note = {doi: \href{https://doi.org/10.1016/j.ejca.2010.04.002}{10.1016/j.ejca.2010.04.002}}
}

@article{Crizotinib_1_2,
    author = {Sai-Hong Ignatius Ou and Cynthia Huang Bartlett and Mari Mino-Kenudson and Jean Cui and A. John Iafrate},
    title = {Crizotinib for the Treatment of {ALK}-Rearranged Non-Small Cell Lung Cancer: A Success Story to Usher in the Second Decade of Molecular Targeted Therapy in Oncology},
    journal = {The Oncologist},
    year = {2012},
    doi = {10.1634/theoncologist.2012-0311},
    note = {doi: \href{https://doi.org/10.1634/theoncologist.2012-0311}{10.1634/theoncologist.2012-0311}}
}

@article{Crizo_chemo,
    author = {Alice T. Shaw and Dong-Wan Kim and Kazuhiko Nakagawa and Takashi Seto and Lucio Crin{\'{o}} and Myung-Ju Ahn and Tommaso De Pas and Benjamin Besse and Benjamin J. Solomon and Fiona Blackhall and Yi-Long Wu and Michael Thomas and Kenneth J. O{\textquotesingle}Byrne and Denis Moro-Sibilot and D. Ross Camidge and Tony Mok and Vera Hirsh and Gregory J. Riely and Shrividya Iyer and Vanessa Tassell and Anna Polli and Keith D. Wilner and Pasi A. J\"{a}nne},
    title = {Crizotinib versus Chemotherapy in Advanced {ALK}-Positive Lung Cancer},
    journal = {New England Journal of Medicine},
    year = {2013},
    doi = {10.1056/nejmoa1214886},
    note = {doi: \href{https://doi.org/10.1056/nejmoa1214886}{10.1056/nejmoa1214886}}
}

@article{ALK_resistance,
    author = {Justin F. Gainor and Leila Dardaei and Satoshi Yoda and Luc Friboulet and Ignaty Leshchiner and Ryohei Katayama and Ibiayi Dagogo-Jack and Shirish Gadgeel and Katherine Schultz and Manrose Singh and Emily Chin and Melissa Parks and Dana Lee and Richard H. DiCecca and Elizabeth Lockerman and Tiffany Huynh and Jennifer Logan and Lauren L. Ritterhouse and Long P. Le and Ashok Muniappan and Subba Digumarthy and Colleen Channick and Colleen Keyes and Gad Getz and Dora Dias-Santagata and Rebecca S. Heist and Jochen Lennerz and Lecia V. Sequist and Cyril H. Benes and A. John Iafrate and Mari Mino-Kenudson and Jeffrey A. Engelman and Alice T. Shaw},
    title = {Molecular Mechanisms of Resistance to First- and Second-Generation {ALK} Inhibitors in {ALK}-Rearranged Lung Cancer},
    journal = {Cancer Discovery},
    year = {2016},
    doi = {10.1158/2159-8290.cd-16-0596},
    note = {doi: \href{https://doi.org/10.1158/2159-8290.cd-16-0596}{10.1158/2159-8290.cd-16-0596}}
}

@article{Ceritinib,
    author = {L. Friboulet and N. Li and R. Katayama and C. C. Lee and J. F. Gainor and A. S. Crystal and P.-Y. Michellys and M. M. Awad and N. Yanagitani and S. Kim and A. C. Pferdekamper and J. Li and S. Kasibhatla and F. Sun and X. Sun and S. Hua and P. McNamara and S. Mahmood and E. L. Lockerman and N. Fujita and M. Nishio and J. L. Harris and A. T. Shaw and J. A. Engelman},
    title = {The {ALK} Inhibitor Ceritinib Overcomes Crizotinib Resistance in Non-Small Cell Lung Cancer},
    journal = {Cancer Discovery},
    year = {2014},
    doi = {10.1158/2159-8290.cd-13-0846},
    note = {doi: \href{https://doi.org/10.1158/2159-8290.cd-13-0846}{10.1158/2159-8290.cd-13-0846}}
}

@article{Alectinib,
    author = {Solange Peters and D. Ross Camidge and Alice T. Shaw and Shirish Gadgeel and Jin S. Ahn and Dong-Wan Kim and Sai-Hong I. Ou and Maurice P{\'{e}}rol and Rafal Dziadziuszko and Rafael Rosell and Ali Zeaiter and Emmanuel Mitry and Sophie Golding and Bogdana Balas and Johannes Noe and Peter N. Morcos and Tony Mok},
    title = {Alectinib versus Crizotinib in Untreated {ALK}-Positive Non{\textendash}Small-Cell Lung Cancer},
    journal = {New England Journal of Medicine},
    year = {2017},
    doi = {10.1056/nejmoa1704795},
    note = {doi: \href{https://doi.org/10.1056/nejmoa1704795}{10.1056/nejmoa1704795}}
}

@article{ALK_inhibitors,
    author = {Valentina Mazza and Claudio Dazzi},
    title = {Targeting {ALK}-positive non-small-cell lung cancer{\textendash}novel inhibitors beyond crizotinib},
    journal = {Cancer Reports and Reviews},
    year = {2018},
    doi = {10.15761/crr.1000168},
    note = {doi: \href{https://doi.org/10.15761/crr.1000168}{10.15761/crr.1000168}}
}

@article{ALK_types_resistance,
    author = {Jessica J. Lin and Gregory J. Riely and Alice T. Shaw},
    title = {Targeting {ALK}: Precision Medicine Takes on Drug Resistance},
    journal = {Cancer Discovery},
    year = {2017},
    doi = {10.1158/2159-8290.cd-16-1123},
    note = {doi: \href{https://doi.org/10.1158/2159-8290.cd-16-1123}{10.1158/2159-8290.cd-16-1123}}
}

@article{ALK_comparison,
    author = {Karen Reckamp and Huamao M. Lin and Joice Huang and Irina Proskorovsky and William Reichmann and Stanimira Krotneva and David Kerstein and Hui Huang and Joseph Lee},
    title = {Comparative efficacy of brigatinib versus ceritinib and alectinib in patients with crizotinib-refractory anaplastic lymphoma kinase-positive non-small cell lung cancer},
    journal = {Current Medical Research and Opinion},
    year = {2018},
    doi = {10.1080/03007995.2018.1520696},
    note = {doi: \href{https://doi.org/10.1080/03007995.2018.1520696}{10.1080/03007995.2018.1520696}}
}

@article {Mol_resistance,
    author = {Gainor, Justin F. and Dardaei, Leila and Yoda, Satoshi and Friboulet, Luc and Leshchiner, Ignaty and Katayama, Ryohei and Dagogo-Jack, Ibiayi and Gadgeel, Shirish and Schultz, Katherine and Singh, Manrose and Chin, Emily and Parks, Melissa and Lee, Dana and DiCecca, Richard H. and Lockerman, Elizabeth and Huynh, Tiffany and Logan, Jennifer and Ritterhouse, Lauren L. and Le, Long P. and Muniappan, Ashok and Digumarthy, Subba and Channick, Colleen and Keyes, Colleen and Getz, Gad and Dias-Santagata, Dora and Heist, Rebecca S. and Lennerz, Jochen and Sequist, Lecia V. and Benes, Cyril H. and Iafrate, A. John and Mino-Kenudson, Mari and Engelman, Jeffrey A. and Shaw, Alice T.},
	title = {Molecular Mechanisms of Resistance to First- and Second-Generation ALK Inhibitors in ALK-Rearranged Lung Cancer},
    journal = {Cancer Discovery},
	year = {2016},
	doi = {10.1158/2159-8290.CD-16-0596},
	note = {doi: \href{https://doi.org/10.1158/2159-8290.CD-16-0596}{10.1158/2159-8290.CD-16-0596}}
}

@article{Lorlatinib,
    author = {Solomon, Benjamin and Bauer, T.M. and Felip, Enriqueta},
    title = {Safety and efficacy of lorlatinib ({PF-06463922}) from the dose-escalation component of a study in patients with advanced {ALK+} or {ROS1+} non-small cell lung cancer (NSCLC)},
    journal = {ASCO Meeting Abstracts},
    year = {2016},
    doi = {10.1200/JCO.2016.34.15_suppl.9009},
	note = {doi: \href{https://doi.org/10.1200/JCO.2016.34.15_suppl.9009}{10.1200/JCO.2016.34.15\_suppl.9009}}
}

@article{Lorlatinib_resistance,
    author = {Gonzalo Recondo and Laura Mezquita and Francesco Facchinetti and David Planchard and Anas Gazzah and Ludovic Bigot and Ahsan Z. Rizvi and Rosa L. Frias and Jean Paul Thiery and Jean-Yves Scoazec and Tony Sourisseau and Karen Howarth and Olivier Deas and Dariia Samofalova and Justine Galissant and Pauline Tesson and Floriane Braye and Charles Naltet and Pernelle Lavaud and Linda Mahjoubi and Aur{\'{e}}lie Abou Lovergne and Gilles Vassal and Rastilav Bahleda and Antoine Hollebecque and Claudio Nicotra and Maud Ngo-Camus and Stefan Michiels and Ludovic Lacroix and Catherine Richon and Nathalie Auger and Thierry De Baere and Lambros Tselikas and Eric Solary and Eric Angevin and Alexander M. Eggermont and Fabrice Andre and Christophe Massard and Ken A. Olaussen and Jean-Charles Soria and Benjamin Besse and Luc Friboulet},
    title = {Diverse Resistance Mechanisms to the Third-Generation {ALK} Inhibitor Lorlatinib in {ALK}-Rearranged Lung Cancer},
    journal = {Clinical Cancer Research},
    year = {2019},
    doi = {10.1158/1078-0432.ccr-19-1104},
    note = {doi: \href{https://doi.org/10.1158/1078-0432.ccr-19-1104}{10.1158/1078-0432.ccr-19-1104}}
}

@article{ALK_res_mutations,
    author = {Jessica J. Lin and Gregory J. Riely and Alice T. Shaw},
    title = {Targeting {ALK}: Precision Medicine Takes on Drug Resistance},
    journal = {Cancer Discovery},
    year = {2017},
    doi = {10.1158/2159-8290.cd-16-1123},
    note = {doi: \href{https://doi.org/10.1158/2159-8290.cd-16-1123}{10.1158/2159-8290.cd-16-1123}}
}

@article{Crizotinib_over,
    author = {Cesar A. Perez and Michel Velez and Luis E. Raez and Edgardo S. Santos},
    title = {Overcoming the resistance to Crizotinib in patients with Non-Small Cell Lung Cancer harboring {EML}4/{ALK} translocation},
    journal = {Lung Cancer},
    year = {2014},
    doi = {10.1016/j.lungcan.2014.02.001},
    note = {doi: \href{https://doi.org/10.1016/j.lungcan.2014.02.001}{10.1016/j.lungcan.2014.02.001}}
}

@article{TKI_acquired,
    author = {D. Ross Camidge and William Pao and Lecia V. Sequist},
    title = {Acquired resistance to {TKIs} in solid tumours: learning from lung cancer},
    journal = {Nature Reviews Clinical Oncology},
    year = {2014},
    doi = {10.1038/nrclinonc.2014.104},
    note = {doi: \href{https://doi.org/10.1038/nrclinonc.2014.104}{10.1038/nrclinonc.2014.104}}
}

@article{Bypass,
    author = {Paolo Maione and Paola Claudia Sacco and Assunta Sgambato and Francesca Casaluce and Antonio Rossi and Cesare Gridelli},
    title = {Overcoming resistance to targeted therapies in {NSCLC}: current approaches and clinical application},
    journal = {Therapeutic Advances in Medical Oncology},
    year = {2015},
    doi = {10.1177/1758834015595048},
    note = {doi: \href{https://doi.org/10.1177/1758834015595048}{10.1177/1758834015595048}}
}

@article{FISH_IHC,
    author = {Florian Cabillic and Audrey Gros and Fr{\'{e}}d{\'{e}}ric Dugay and Hugues Begueret and Laura Mesturoux and Dan Cristian Chiforeanu and Leila Dufrenot and Vincent Jauffret and Dominique Dachary and Romain Corre and Alexandra Lespagnol and Gwendoline Soler and Julien Dagher and V{\'{e}}ronique Catros and Mich{\`{e}}le Le Calve and Jean-Philippe Merlio and Marc-Antoine Belaud-Rotureau},
    title = {Parallel {FISH} and Immunohistochemical Studies of {ALK} Status in 3244 Non{\textendash}Small-Cell Lung Cancers Reveal Major Discordances},
    journal = {Journal of Thoracic Oncology},
    year = {2014},
    doi = {10.1097/jto.0000000000000072},
    note = {doi: \href{https://doi.org/10.1097/jto.0000000000000072}{10.1097/jto.0000000000000072}}
}

@article{Liquid_biopsy_NSLC,
    author = {Domenico Trombetta and Angelo Sparaneo and Federico Pio Fabrizio and Lucia Anna Muscarella},
    title = {Liquid biopsy and {NSCLC}},
    journal = {Lung Cancer Management},
    year = {2016},
    doi = {10.2217/lmt-2016-0006},
    note = {doi: \href{https://doi.org/10.2217/lmt-2016-0006}{10.2217/lmt-2016-0006}}
}

@article{CTC_prognosis,
    author = {Annette Tognela and Kevin J. Spring and Therese Becker and Nicole J. Caixeiro and Victoria J. Bray and Po Yee Yip and Wei Chua and Stephanie H. Lim and Paul de Souza},
    title = {Predictive and prognostic value of circulating tumor cell detection in lung cancer: A clinician{\textquotesingle}s perspective},
    journal = {Critical Reviews in Oncology/Hematology},
    year = {2015},
    doi = {10.1016/j.critrevonc.2014.10.001},
    note = {doi: \href{https://doi.org/10.1016/j.critrevonc.2014.10.001}{10.1016/j.critrevonc.2014.10.001}}
}

@article{CTC_blood,
    author = {W. J. Allard},
    title = {Tumor Cells Circulate in the Peripheral Blood of All Major Carcinomas but not in Healthy Subjects or Patients With Nonmalignant Diseases},
    journal = {Clinical Cancer Research},
    year = {2004},
    doi = {10.1158/1078-0432.ccr-04-0378},
    note = {doi: \href{https://doi.org/10.1158/1078-0432.ccr-04-0378}{10.1158/1078-0432.ccr-04-0378}}
}

@article{ctDNA,
    author = {C. Bettegowda and M. Sausen and R. J. Leary and I. Kinde and Y. Wang and N. Agrawal and B. R. Bartlett and H. Wang and B. Luber and R. M. Alani and E. S. Antonarakis and N. S. Azad and A. Bardelli and H. Brem and J. L. Cameron and C. C. Lee and L. A. Fecher and G. L. Gallia and P. Gibbs and D. Le and R. L. Giuntoli and M. Goggins and M. D. Hogarty and M. Holdhoff and S.-M. Hong and Y. Jiao and H. H. Juhl and J. J. Kim and G. Siravegna and D. A. Laheru and C. Lauricella and M. Lim and E. J. Lipson and S. K. N. Marie and G. J. Netto and K. S. Oliner and A. Olivi and L. Olsson and G. J. Riggins and A. Sartore-Bianchi and K. Schmidt and l.-M. Shih and S. M. Oba-Shinjo and S. Siena and D. Theodorescu and J. Tie and T. T. Harkins and S. Veronese and T.-L. Wang and J. D. Weingart and C. L. Wolfgang and L. D. Wood and D. Xing and R. H. Hruban and J. Wu and P. J. Allen and C. M. Schmidt and M. A. Choti and V. E. Velculescu and K. W. Kinzler and B. Vogelstein and N. Papadopoulos and L. A. Diaz},
    title = {Detection of Circulating Tumor {DNA} in Early- and Late-Stage Human Malignancies},
    journal = {Science Translational Medicine},
    year = {2014},
    doi = {10.1126/scitranslmed.3007094},
    note = {doi: \href{https://doi.org/10.1126/scitranslmed.3007094}{10.1126/scitranslmed.3007094}}
}

@article{ctDNA_NSCLC,
    author = {Vaida Gedvilait{\.{e}} and Diana Schveigert and Saulius Cic{\.{e}}nas},
    title = {Cell-free {DNA} in non-small cell lung cancer},
    journal = {Acta medica Lituanica},
    year = {2017},
    doi = {10.6001/actamedica.v24i2.3495},
    note = {doi: \href{https://doi.org/10.6001/actamedica.v24i2.3495}{10.6001/actamedica.v24i2.3495}}
}

@article{ctDNA_LB,
    author = {Luis A. Diaz and Alberto Bardelli},
    title = {Liquid Biopsies: Genotyping Circulating Tumor {DNA}},
    journal = {Journal of Clinical Oncology},
    year = {2014},
    doi = {10.1200/jco.2012.45.2011},
    note = {doi: \href{https://doi.org/10.1200/jco.2012.45.2011}{10.1200/jco.2012.45.2011}}
}

@article{LB_NSCLC,
    author = {Christian Rolfo and Philip C. Mack and Giorgio V. Scagliotti and Paul Baas and Fabrice Barlesi and Trever G. Bivona and Roy S. Herbst and Tony S. Mok and Nir Peled and Robert Pirker and Luis E. Raez and Martin Reck and Jonathan W. Riess and Lecia V. Sequist and Frances A. Shepherd and Lynette M. Sholl and Daniel S.W. Tan and Heather A. Wakelee and Ignacio I. Wistuba and Murry W. Wynes and David P. Carbone and Fred R. Hirsch and David R. Gandara},
    title = {Liquid Biopsy for Advanced Non-Small Cell Lung~Cancer ({NSCLC}): A Statement Paper from the~{IASLC}},
    journal = {Journal of Thoracic Oncology},
    year = {2018},
    doi = {10.1016/j.jtho.2018.05.030},
    note = {doi: \href{https://doi.org/10.1016/j.jtho.2018.05.030}{10.1016/j.jtho.2018.05.030}}
}

@article{LB_atocha,
    author = {David P{\'{e}}rez-Callejo and Atocha Romero and Mariano Provencio and Mar{\'{\i}}a Torrente},
    title = {Liquid biopsy based biomarkers in non-small cell lung cancer for diagnosis and treatment monitoring},
    journal = {Translational Lung Cancer Research},
    year = {2016},
    doi = {10.21037/tlcr.2016.10.07},
    note = {doi: \href{https://doi.org/10.21037/tlcr.2016.10.07}{10.21037/tlcr.2016.10.07}}
}

@article{Exosomes,
    author = {Irene Vanni and Angela Alama and Francesco Grossi and Maria Giovanna Dal Bello and Simona Coco},
    title = {Exosomes: a new horizon in lung cancer},
    journal = {Drug Discovery Today},
    year = {2017},
    doi = {10.1016/j.drudis.2017.03.004},
    note = {doi: \href{https://doi.org/10.1016/j.drudis.2017.03.004}{10.1016/j.drudis.2017.03.004}}
}

@article{Platelets,
    author = {Myron~G. Best and Nik Sol and Irsan Kooi and Jihane Tannous and Bart~A. Westerman and Fran{\c{c}}ois Rustenburg and Pepijn Schellen and Heleen Verschueren and Edward Post and Jan Koster and Bauke Ylstra and Najim Ameziane and Josephine Dorsman and Egbert~F. Smit and Henk~M. Verheul and David~P. Noske and Jaap~C. Reijneveld and R.~Jonas~A. Nilsson and Bakhos~A. Tannous and Pieter Wesseling and Thomas Wurdinger},
    title = {{RNA}-seq of Tumor-Educated Platelets Enables Blood-Based Pan-Cancer,  Multiclass,  and Molecular Pathway Cancer Diagnostics},
    journal = {Cancer Cell},
    year = {2015},
    doi = {10.1016/j.ccell.2015.09.018},
    note = {doi: \href{https://doi.org/10.1016/j.ccell.2015.09.018}{10.1016/j.ccell.2015.09.018}}
}

@article{LB_ed,
    author = {Mariacarmela Santarpia and Alessia Liguori and Alessandro D'Aveni and Niki Karachaliou and Maria Gonzalez-Cao and Maria Grazia Daffin{\`{a}} and Chiara Lazzari and Giuseppe Altavilla and Rafael Rosell},
    title = {Liquid biopsy for lung cancer early detection},
    journal = {Journal of Thoracic Disease},
    year = {2018},
    doi = {10.21037/jtd.2018.03.81},
    note = {doi: \href{https://doi.org/10.21037/jtd.2018.03.81}{10.21037/jtd.2018.03.81}}
}

@article{NGS,
    author = {Sara Goodwin and John D. McPherson and W. Richard McCombie},
    title = {Coming of age: ten years of next-generation sequencing technologies},
    journal = {Nature Reviews Genetics},
    year = {2016},
    doi = {10.1038/nrg.2016.49},
    note = {doi: \href{https://doi.org/10.1038/nrg.2016.49}{10.1038/nrg.2016.49}}
}

%% MISCELLANY

@misc{GCO,
    author = {{Global Cancer Observatory (GCO)}},
    title = {Cancer Today},
    year = {2018},
    note = {\url{http://gco.iarc.fr/today/home}, Last accessed on 2020-06-16}
}

@misc{SEER,
    author = {{National Cancer Institute}},
    title = {Surveillance, Epidemiology, and End Results Program},
    year = {2010-2016},
    note = {\url{https://seer.cancer.gov/statfacts/html/lungb.html}, Last accessed on 2020-06-16}
}

@misc{ALA,
    author = {{American Lung Association}},
    title = {Lung Cancer Basics},
    year = {2020},
    note = {\url{https://www.lung.org/lung-health-diseases/lung-disease-lookup/lung-cancer/learn-about-lung-cancer/what-is-lung-cancer/lung-cancer-basics}, Last accessed on 2020-06-16}
}

@misc{QUIAGEN_cfDNA,
    author = {{QUIAGEN}},
    title = {{QIAamp Circulating Nucleic Acid Handbook}},
    year = {2019},
    note = {\url{https://www.qiagen.com/es/resources/resourcedetail?id=0c4b31ab-f4fb-425f-99bf-10ab9538c061&lang=en}, Last accessed on 2020-06-16}
}

@misc{QUIAGEN_exosomes,
    author = {{QUIAGEN}},
    title = {{exoRNeasy Serum/Plasma Handbook}},
    year = {2015},
    note = {\url{https://www.qiagen.com/es/resources/resourcedetail?id=51c1db1c-d609-4816-96eb-fd9c1af87210&lang=en}, Last accessed on 2020-06-16}
}

@misc{Oncomine_PanCancer,
    author = {{Thermo Fisher Scientific}},
    title = {{Oncomine Pan‚ÄëCancer Cell‚ÄëFree Assay}},
    year = {2018},
    note = {\url{https://www.thermofisher.com/order/catalog/product/A37664#/A37664}, Last accessed on 2020-06-16}
}

@misc{AMPure,
    author = {{Beckman Coulter}},
    title = {{AMPure XP for PCR Purification}},
    year = {2016},
    note = {\url{https://www.beckman.com/reagents/genomic/cleanup-and-size-selection/pcr}, Last accessed on 2020-06-16}
}

@misc{Quantification_TaqMan,
    author = {{Thermo Fisher Scientific}},
    title = {{Oncomine Pan‚ÄëCancer Cell‚ÄëFree Assay USER GUIDE}},
    year = {2017},
    note = {\url{https://www.thermofisher.com/order/catalog/product/4468802#/4468802}, Last accessed on 2020-06-16}
}

@misc{qPCR_StepOnePlus,
    author = {{Thermo Fisher Scientific}},
    title = {{StepOnePlus Real-Time PCR System}},
    year = {2010},
    note = {\url{https://www.thermofisher.com/order/catalog/product/4376600#/4376600}, Last accessed on 2020-06-16}
}

@misc{dPCR_QuantStudio,
    author = {{Thermo Fisher Scientific}},
    title = {{QuantStudio\texttrademark{} 3D Digital PCR System USER GUIDE}},
    year = {2015},
    note = {\url{https://tools.thermofisher.com/content/sfs/manuals/MAN0007720.pdf}, Last accessed on 2020-06-16}
}
